<?xml version="1.0" encoding="UTF-8"?>
<collection xmlns:xsi="http://www.w3.org/2001/XMLSchema-instance" xsi:schemaLocation="http://www.loc.gov/MARC21/slim http://www.loc.gov/standards/marcxml/schema/MARC21slim.xsd" xmlns="http://www.loc.gov/MARC21/slim">
<record>
  <leader>01263cam a2200313 a 4500</leader>
  <controlfield tag="001">3111094</controlfield>
  <controlfield tag="003">NNC</controlfield>
  <controlfield tag="005">20150413174445.0</controlfield>
  <controlfield tag="008">011018s1899    le       d    000 0 ara  </controlfield>
  <datafield tag="035" ind1=" " ind2=" ">
    <subfield code="a">(OCoLC)ocm61326795</subfield>
  </datafield>
  <datafield tag="035" ind1=" " ind2=" ">
    <subfield code="a">(NNC)3111094</subfield>
  </datafield>
  <datafield tag="040" ind1=" " ind2=" ">
    <subfield code="a">NLM</subfield>
    <subfield code="c">NLM</subfield>
    <subfield code="d">NNC</subfield>
  </datafield>
  <datafield tag="042" ind1=" " ind2=" ">
    <subfield code="a">nlmcopyc</subfield>
  </datafield>
  <datafield tag="060" ind1="0" ind2="0">
    <subfield code="a">PJ6622</subfield>
    <subfield code="b">.S532a 1889</subfield>
  </datafield>
  <datafield tag="066" ind1=" " ind2=" ">
    <subfield code="c">(3</subfield>
  </datafield>
  <datafield tag="100" ind1="1" ind2=" ">
    <subfield code="6">880-01</subfield>
    <subfield code="a">Shartūnī, Saʻīd al-Khūrī,</subfield>
    <subfield code="d">1849-1912.</subfield>
  </datafield>
  <datafield tag="245" ind1="1" ind2="0">
    <subfield code="6">880-02</subfield>
    <subfield code="a">Aqrab al-mawārid fī fuṣah al-ʻarabīyah wal-shawārid /</subfield>
    <subfield code="c">taʾlīf Saʻīd al-Khūrī al-Shartūnī.</subfield>
  </datafield>
  <datafield tag="260" ind1=" " ind2=" ">
    <subfield code="6">880-03</subfield>
    <subfield code="a">Bayrūt :</subfield>
    <subfield code="b">Maṭbaʻat mursalī al-yasūʻīyah,</subfield>
    <subfield code="c">1899</subfield>
  </datafield>
  <datafield tag="300" ind1=" " ind2=" ">
    <subfield code="a">v. ;</subfield>
    <subfield code="c">28 cm. +</subfield>
    <subfield code="e">1 supplement</subfield>
  </datafield>
  <datafield tag="505" ind1="0" ind2=" ">
    <subfield code="a">v.1. Alif-Ṭāʾ.</subfield>
  </datafield>
  <datafield tag="561" ind1=" " ind2=" ">
    <subfield code="a">Bookplate of Lutfi M. Saʻdi</subfield>
    <subfield code="5">DNLM</subfield>
  </datafield>
  <datafield tag="655" ind1=" " ind2="7">
    <subfield code="a">Dictionary.</subfield>
    <subfield code="2">mesh</subfield>
  </datafield>
  <datafield tag="700" ind1="1" ind2=" ">
    <subfield code="a">Saʻdi, Lutfi M.,</subfield>
    <subfield code="e">former owner.</subfield>
    <subfield code="5">DNLM</subfield>
  </datafield>
  <datafield tag="880" ind1="1" ind2=" ">
    <subfield code="6">100-01/(3/r</subfield>
    <subfield code="a">شرتوني، سعيد الخوري،</subfield>
    <subfield code="d">1849-1912.</subfield>
  </datafield>
  <datafield tag="880" ind1="1" ind2="0">
    <subfield code="6">245-02/(3/r</subfield>
    <subfield code="a">أقراب الموارد في فصح العربية والشوارد /</subfield>
    <subfield code="c">تأليف سعيد الخوري الشرتوني.</subfield>
  </datafield>
  <datafield tag="880" ind1=" " ind2=" ">
    <subfield code="6">260-03/(3/r</subfield>
    <subfield code="a">بيروت :</subfield>
    <subfield code="b">مطبعة مرسلي اليسوعية،</subfield>
    <subfield code="c">1889-</subfield>
  </datafield>
  <datafield tag="955" ind1=" " ind2=" ">
    <subfield code="b">0036744506</subfield>
    <subfield code="d">glx</subfield>
    <subfield code="e">893.73 Sh2</subfield>
    <subfield code="v">v.1</subfield>
  </datafield>
</record>
</collection>